<record><leader>00000cas a22000007a 4500</leader><controlfield tag="001">15602735</controlfield><controlfield tag="008">870428d19371972pauwr ne      0    0eng d</controlfield><datafield ind1=" " ind2=" " tag="010"><subfield code="a">sn 87080195 </subfield></datafield><datafield ind1=" " ind2=" " tag="040"><subfield code="a">NPH</subfield><subfield code="b">eng</subfield><subfield code="c">NPH</subfield><subfield code="d">OCLCQ</subfield></datafield><datafield ind1=" " ind2=" " tag="042"><subfield code="a">msc</subfield></datafield><datafield ind1="0" ind2="4" tag="245"><subfield code="a">The Allegheny Valley advance leader.</subfield></datafield><datafield ind1="3" ind2="0" tag="246"><subfield code="a">Advance leader</subfield></datafield><datafield ind1="3" ind2="0" tag="246"><subfield code="a">Progress advance-leader</subfield></datafield><datafield ind1=" " ind2=" " tag="260"><subfield code="a">Oakmont, Pa. :</subfield><subfield code="b">L.C. Anderson,</subfield><subfield code="c">1937-1972.</subfield></datafield><datafield ind1=" " ind2=" " tag="300"><subfield code="a">47 v. :</subfield><subfield code="b">ill. ;</subfield><subfield code="c">41-56 cm.</subfield></datafield><datafield ind1=" " ind2=" " tag="310"><subfield code="a">Weekly,</subfield><subfield code="b">&lt;Nov. 1962&gt;-Sept. 27, 1972</subfield></datafield><datafield ind1=" " ind2=" " tag="321"><subfield code="a">Weekly,</subfield><subfield code="b">&lt;1937-1962&gt;</subfield></datafield><datafield ind1=" " ind2=" " tag="321"><subfield code="a">Biweekly,</subfield><subfield code="b">Apr. 4, 1962-Oct. 31, 1962</subfield></datafield><datafield ind1="0" ind2=" " tag="362"><subfield code="a">Vol. 28, no. 29 (Jan. 1, 1937)-v. 74, no. 39 (Sept. 27, 1972).</subfield></datafield><datafield ind1=" " ind2=" " tag="500"><subfield code="a">Publisher: Dardanell Press &lt;June 23, 1964&gt;-Sept. 27, 1972.</subfield></datafield><datafield ind1=" " ind2=" " tag="500"><subfield code="a">The words "The Allegheny Valley" appear above masthead title, &lt;1955-1958&gt;.</subfield></datafield><datafield ind1=" " ind2=" " tag="500"><subfield code="a">Includes Penn Township echo, &lt;Jan. 14, 1944&gt;.</subfield></datafield><datafield ind1=" " ind2=" " tag="500"><subfield code="a">"Official paper for Oakmont, Verona, Blawnox and Cheswick Boroughs and Penn and Plum townships."</subfield></datafield><datafield ind1=" " ind2=" " tag="500"><subfield code="a">Also covers Indiana and Harmar Townships &lt;1957&gt;.</subfield></datafield><datafield ind1=" " ind2=" " tag="500"><subfield code="a">Issues for Apr. 4, 1962-Oct. 31, 1962 have title: Progress advance-leader; published in two eds.: East Suburbs ed., and: Oakmont, Verona, Plum ed.</subfield></datafield><datafield ind1=" " ind2=" " tag="752"><subfield code="a">United States</subfield><subfield code="b">Pennsylvania</subfield><subfield code="c">Allegheny</subfield><subfield code="d">Oakmont.</subfield></datafield><datafield ind1=" " ind2=" " tag="752"><subfield code="a">United States</subfield><subfield code="b">Pennsylvania</subfield><subfield code="c">Allegheny</subfield><subfield code="d">Verona.</subfield></datafield><datafield ind1="0" ind2=" " tag="775"><subfield code="t">Plum advance leader</subfield><subfield code="w">(DLC)sn 88080730</subfield></datafield><datafield ind1="0" ind2="4" tag="780"><subfield code="t">Leader (Verona, Pa.)</subfield><subfield code="w">(DLC)sn 88080752</subfield></datafield><datafield ind1="0" ind2="4" tag="780"><subfield code="t">Allegheny Valley advance</subfield><subfield code="w">(DLC)sn 88080725</subfield></datafield><datafield ind1="0" ind2="0" tag="785"><subfield code="t">Advance leader</subfield><subfield code="w">(DLC)sn 88079248</subfield></datafield></record>